@manual{nvidia-ada-tuning-guide,
  title        = {Ada Tuning Guide},
  author       = {{NVIDIA Corporation}},
  year         = {2025},
  organization = {NVIDIA},
  note         = {Release 12.9},
  url          = {https://docs.nvidia.com/cuda/pdf/Ada_Tuning_Guide.pdf},
  urldate      = {2025-07-23}
}
